<record><leader>00000cas a2200000 a 4500</leader><controlfield tag="001">11201537</controlfield><controlfield tag="008">840927d18991920ksuwr ne      0   a0eng d</controlfield><controlfield tag="009">3789</controlfield><datafield ind1=" " ind2=" " tag="010"><subfield code="a">sn 84029555 </subfield></datafield><datafield ind1=" " ind2=" " tag="040"><subfield code="a">KSH</subfield><subfield code="b">eng</subfield><subfield code="c">KSH</subfield><subfield code="d">NPT</subfield><subfield code="d">OCL</subfield></datafield><datafield ind1=" " ind2=" " tag="042"><subfield code="a">msc</subfield></datafield><datafield ind1="0" ind2="4" tag="245"><subfield code="a">The Jeffersonian gazette.</subfield></datafield><datafield ind1="1" ind2="0" tag="246"><subfield code="a">Gazette, Jeffersonian</subfield></datafield><datafield ind1=" " ind2=" " tag="260"><subfield code="a">Lawrence, Kan. :</subfield><subfield code="b">Jeffersonian Gazette Co.,</subfield><subfield code="c">1889-</subfield></datafield><datafield ind1=" " ind2=" " tag="300"><subfield code="a">v. :</subfield><subfield code="b">ill. ;</subfield><subfield code="c">56-61 cm.</subfield></datafield><datafield ind1=" " ind2=" " tag="310"><subfield code="a">Weekly</subfield></datafield><datafield ind1="0" ind2=" " tag="362"><subfield code="a">Vol. 17, no. 866 (Apr. 6, 1899)-v. 19, no. 984 (July 25, 1901) ; Vol. 20, no. 1 (Aug. 1, 1901)-</subfield></datafield><datafield ind1="1" ind2=" " tag="362"><subfield code="a">Ceased with Aug. 5, 1920 issue?</subfield></datafield><datafield ind1=" " ind2=" " tag="500"><subfield code="a">Published as: Gazette, Jeffersonian, May 5-20, 1920.</subfield></datafield><datafield ind1=" " ind2=" " tag="500"><subfield code="a">Souvenir edition issued Dec. 13, 1900.</subfield></datafield><datafield ind1=" " ind2=" " tag="500"><subfield code="a">"Fearless exponent of the new democracy."</subfield></datafield><datafield ind1=" " ind2=" " tag="580"><subfield code="a">Issued also in daily edition called: Jeffersonian gazette (Lawrence, Kan. : Daily), Oct. 8-Nov. 10, 1900; Daily gazette, Feb. 9, 1903-Aug. 5, 1920.</subfield></datafield><datafield ind1=" " ind2=" " tag="752"><subfield code="a">United States</subfield><subfield code="b">Kansas</subfield><subfield code="c">Douglas</subfield><subfield code="d">Lawrence</subfield></datafield><datafield ind1="1" ind2=" " tag="775"><subfield code="t">Jeffersonian gazette (Lawrence, Kan. : Daily)</subfield><subfield code="w">(DLC)sn 84029595</subfield></datafield><datafield ind1="1" ind2=" " tag="775"><subfield code="t">Daily gazette</subfield><subfield code="w">(DLC)sn 84029594</subfield></datafield><datafield ind1="0" ind2="4" tag="780"><subfield code="t">Jeffersonian (Topeka, Kan.)</subfield><subfield code="w">(DLC)sn 84029575</subfield></datafield><datafield ind1="0" ind2="4" tag="780"><subfield code="t">Lawrence gazette (Lawrence, Kan. : 1883)</subfield><subfield code="w">(DLC)sn 84029565</subfield></datafield><datafield ind1="0" ind2="5" tag="780"><subfield code="t">Jeffersonian gazette (Lawrence, Kan. : Daily)</subfield><subfield code="g">Nov. 10, 1900</subfield><subfield code="w">(DLC)sn 84029595</subfield></datafield></record>